@article{LEWANDOWSKY_JARMC2017,
  title = {Beyond Misinformation: {U}nderstanding and Coping with the \enquote{Post-Truth} Era},
  journal = {Journal of Applied Research in Memory and Cognition},
  volume = {6},
  pages = {353--369},
  year = {2017},
  doi = {10.1016/j.jarmac.2017.07.008},
  author = {Stephan Lewandowsky and Ullrich K.H. Ecker and John Cook}
}
@article{thorson_2016,
  author = {Emily Thorson},
  title = {Belief Echoes: {T}he Persistent Effects of Corrected Misinformation},
  journal = {Political Communication},
  volume = {33},
  pages = {460--480},
  year  = {2016},
  doi = {10.1080/10584609.2015.1102187}   
}
@Article{Wood2018,
  author = {Wood, Thomas and Porter, Ethan},
  title = {The Elusive Backfire Effect: {M}ass Attitudes' Steadfast Factual Adherence},
  journal = {Political Behavior},
  year = {2018},
  pages = {1--29},
  doi = {10.1007/s11109-018-9443-y},
  url = {https://doi.org/10.1007/s11109-018-9443-y}
}
@article{kunda1990,
  title = {The case for motivated reasoning},
  author = {Kunda, Ziva},
  journal = {Psychological Bulletin},
  volume = {108},
  pages = {480--498},
  year = {1990}
}
@article{taber2006,
  title = {Motivated skepticism in the evaluation of political beliefs},
  author = {Taber, Charles S. and Lodge, Milton},
  journal = {American Journal of Political Science},
  volume = {50},
  pages = {755--769},
  year = {2006}
}
@inproceedings{Garrett_Weeks_2013,
 author = {Garrett, R. Kelly and Weeks, Brian E.},
 title = {The Promise and Peril of Real-time Corrections to Political Misperceptions},
 booktitle = {Proceedings of the 2013 Conference on Computer Supported Cooperative Work},
 series = {CSCW '13},
 year = {2013},
 isbn = {978-1-4503-1331-5},
 location = {San Antonio, Texas, USA},
 pages = {1047--1058},
 numpages = {12},
 url = {http://doi.acm.org/10.1145/2441776.2441895},
 doi = {10.1145/2441776.2441895},
 acmid = {2441895},
 publisher = {ACM},
 address = {New York, NY, USA},
 keywords = {credibility, learning, misinformation},
}
@article{garrett2016driving,
  title = {Driving a wedge between evidence and beliefs: {H}ow online ideological news exposure promotes political misperceptions},
  author = {Garrett, R. Kelly and Weeks, Brian E and Neo, Rachel L},
  journal = {Journal of Computer-Mediated Communication},
  volume = {21},
  pages = {331--348},
  year = {2016}
}